@book{lee2024delta,
  author    = {Denny Lee and Tristen Wentling and Scott Haines and Prashanth Babu},
  title     = {Delta Lake: The Definitive Guide: Modern Data Lakehouse Architectures with Data Lakes},
  year      = {2024},
  publisher = {O'Reilly Media},
}

@techreport{minio_reference_architecture,
  title        = {Build a High-Performance Object Storage-as-a-Service Platform with MinIO},
  institution  = {MinIO},
  year         = {2019},
  url          = {https://min.io/resources/docs/CPG-MinIO-reference-architecture.pdf},
  note         = {Acessado em: 5 jan. 2025}
}

@article{xu2019clinics,
  title={What Clinics Are Expecting From Data Scientists? A Review on Data Oriented Studies Through Qualitative and Quantitative Approaches},
  author={Lina Xu and Monika Simjanoska and Bojana Koteska and Vladimir Trajkovikj and Ana Bogdanova Madevska and Kristina Staric Drusany and Fedor Lehocki},
  journal={IEEE Access},
  year={2019},
}

@article{dhayne2019,
  title={In Search of Big Medical Data Integration Solutions - A Comprehensive Survey},
  author={Houssein Dhayne and Rafiqul Haque and Rima Kilany and Yehia Taher},
  journal={IEEE Access},
  year={2019},
}

@article{addagada2022best,
  title={Best Practices for Managing a Data Fabric},
  author={Tejasvi Addagada},
  journal={DATAVERSITY},
  year={2022},
}

@book{hechler2023data,
  title={Data Fabric and Data Mesh Approaches with AI: A Guide to AI-based Data Cataloging, Governance, Integration, Orchestration, and Consumption},
  author={Eberhard Hechler and Maryela Weihrauch and Yan (Catherine) Wu},
  year={2023},
  publisher={Apress},
  pages={38--42},
}

@book{sharma2023data,
  title={Data Fabric Architectures: Web-Driven Applications},
  editor={Vandana Sharma and Balamurugan Balusamy and J. Joshua Thomas and L. Godlin Atlas},
  year={2023},
  publisher={De Gruyter},
}

@article{blohm2024data,
  title={Data Products, Data Mesh, and Data Fabric: New Paradigm(s) for Data and Analytics?},
  author={Ivo Blohm and Felix Wortmann and Christine Legner and Felix K{\"o}bler},
  journal={Business \& Information Systems Engineering},
  pages={643--652},
  year={2024},
}

@misc{gartner_data_fabric,
  author = {{Gartner}},
  title = {What is Data Fabric? Uses, Definition \& Trends},
  year = {2024},
  url = {https://www.gartner.com/en/data-analytics/topics/data-fabric},
  note = {Accessed: 2024-12-19}
}

@techreport{barik2022data,
  title={Data Fabric Primer},
  author={Rahul Barik},
  institution={GlobalLogic},
  year={2022},
  url={https://www.globallogic.com/in/wp-content/uploads/sites/21/2023/12/Paper-Data-Fabric-primer.pdf}
}

@article{gade2024data,
  title={Data Analytics: Data Fabric Architecture and Its Benefits for Data Management},
  author={Kishore Reddy Gade},
  journal={MZ Computing Journal},
  year={2022},
}

@inproceedings{santoso2017data,
  author    = {Leo Willyanto Santoso and Yulia},
  title     = {Data Warehouse with Big Data Technology for Higher Education},
  booktitle = {Proceedings of the 4th Information Systems International Conference (ISICO 2017)},
  year      = {2017},
}

@inproceedings{mousa2015data,
  author    = {Ayad Hameed Mousa and
               Norshuhada Shiratuddin},
  title     = {Data Warehouse and Data Virtualization Comparative Study},
  booktitle = {2015 International Conference on Developments of E-Systems Engineering (DeSE)},
  pages     = {369--372},
  year      = {2015},
}

@book{vaisman2014data,
  author    = {Alejandro Vaisman and
               Esteban Zim√°nyi},
  title     = {Data Warehouse Systems: Design and Implementation},
  series    = {Data-Centric Systems and Applications},
  publisher = {Springer},
  year      = {2014},
  pages     = {72--80}
}

@article{nambiar2022overview,
  author    = {Athira Nambiar and
               Divyansh Mundra},
  title     = {An Overview of Data Warehouse and Data Lake in Modern Enterprise Data Management},
  journal   = {Big Data and Cognitive Computing},
  pages     = {132},
  year      = {2022},
}

@techreport{jahnke2012problem,
  author       = {Lori Jahnke and Andrew Asher and Spencer D.C. Keralis},
  title        = {The Problem of Data},
  institution  = {Council on Library and Information Resources},
  year         = {2012},
  url          = {https://www.clir.org/pubs/reports/pub154/}
}

@article{doan2008information,
  author    = {AnHai Doan and
               Jeffrey F. Naughton and
               Raghu Ramakrishnan and
               Akanksha Baid and
               Xiaoyong Chai and
               Fei Chen and
               Ting Chen and
               Eric Chu and
               Pedro DeRose and
               Byron Gao and
               Chaitanya Gokhale and
               Jiansheng Huang and
               Warren Shen and
               Ba-Quy Vuong},
  title     = {Information Extraction Challenges in Managing Unstructured Data},
  journal   = {SIGMOD Record},
  pages     = {14--20},
  year      = {2008},
}

@article{benfeldt2020data,
  author    = {Olivia Benfeldt and
               John Stouby Persson and
               Sabine Madsen},
  title     = {Data Governance as a Collective Action Problem},
  journal   = {Information Systems Frontiers},
  pages     = {299--313},
  year      = {2020},
}


@article{stone2019information,
  author    = {Merlin Stone and
               Eleni Aravopoulou and
               Geraint Evans and
               Esra Aldhaen and
               Brett David Parnell},
  title     = {From Information Mismanagement to Misinformation - The Dark Side of Information Management},
  journal   = {The Bottom Line},
  year      = {2019},
}

@article{lheureux2017machine,
  author    = {Alexandra L'Heureux and
               Katarina Grolinger and
               Hany F. Elyamany and
               Miriam A. M. Capretz},
  title     = {Machine Learning With Big Data: Challenges and Approaches},
  journal   = {IEEE Access},
  pages     = {7776--7797},
  year      = {2017},
}

@inproceedings{katal2013big,
  author    = {Avita Katal and
               Mohammad Wazid and
               R. H. Goudar},
  title     = {Big Data: Issues, Challenges, Tools and Good Practices},
  booktitle = {Proceedings of the Sixth International Conference on Contemporary Computing (IC3)},
  pages     = {404--409},
  year      = {2013},
}

@inproceedings{volk2019challenging,
  author    = {Matthias Volk and
               Daniel Staegemann and
               Matthias Pohl and
               Klaus Turowski},
  title     = {Challenging Big Data Engineering: Positioning of Current and Future Development},
  booktitle = {Proceedings of the 4th International Conference on Internet of Things, Big Data and Security (IoTBDS)},
  pages     = {351--358},
  year      = {2019},
}


@article{alhassan2016data,
  author = {Ibrahim Alhassan and David Sammon and Mary Daly},
  title = {Data Governance Activities: An Analysis of the Literature},
  journal = {Journal of Decision Systems},
  pages = {64--75},
  year = {2016},
}


@article{haug2011costs,
  author = {Haug, Anders and Zachariassen, Frederik and van Liempd, Dennis},
  title = {The Costs of Poor Data Quality},
  journal = {Journal of Industrial Engineering and Management},
  pages = {168--193},
  year = {2011},
}

@article{impact_poor_data_1998,
  author = {Thomas C. Redman},
  title = {The Impact of Poor Data Quality on theTypical Enterprise},
  journal = {ACM},
  year = {1998},
  pages = {79-82},
}

@book{fang_data_lakes_2021,
  author = {Fang, Tao},
  title = {Data Lakes: Foundations and Innovations},
  year = {2021},
}

@article{gonzalez_scalable_systems_2019,
  author = {Gonzalez, Maria},
  title = {Scalable Systems for Big Data Management},
  journal = {Journal of Big Data},
  year = {2019},
}

@book{vass_bigdata_cloud_2020,
  author = {Vass, Julie and Stewart, Max},
  title = {Big Data Management in the Cloud Era},
  year = {2020},
}

@article{armbrust_lakehouse_2021,
  author = {Armbrust, Michael et al.},
  title = {Lakehouse: A New Generation of Data Platforms},
  journal = {Proceedings of VLDB},
  year = {2021},

}

@article{datar_lake_approaches_2020,
  author = {Elisabeta Zagan  and Mirela Danubianu},
  title = {Data Lake Approaches: A Survey},
  year = {2020},
    pages={189-191},

}
@book{Architecting_data_lake_houses,
  author = {Aravind Nuthalapati },
  title = {Architecting data lake-houses in the cloud: Best practices and future direction},
  year = {2018},
    pages={1903},

}

@book{dehghani2020data,
  title={Data Mesh: Delivering Data-Driven Value at Scale},
  author={Zhamak Dehghani},
  year={2020},
}

@article{akhtar2021mesh,
  title={Decentralized Data Mesh Architectures: Benefits and Challenges},
  author={Akhtar, R.},
  journal={Journal of Data Science},
  pages={123--145},
  year={2021}
}

@article{martinez2022governance,
  title={Federated Governance in Data Mesh Implementations},
  author={Martinez, L.},
  journal={International Journal of Data Management},
  volume={15},
  pages={56--78},
  year={2022}
}

@article{johnson2021scaling,
  title={Scaling Data Architectures with Mesh Principles},
  author={Johnson, P.},
  journal={Data Engineering Quarterly},
  pages={34--50},
  year={2021}
}

@article{smith2023tools,
  title={Open Source Tools for Data Mesh Implementations},
  author={Smith, K.},
  journal={Open Data Review},
  pages={90--105},
  year={2023}
}

// ariflow

@article{airflow_concepts,
    author = {Chang, James and Sharma, Rajat},
    title = {Apache Airflow: Platform for Programmatically Authoring, Scheduling and Monitoring Workflows},
    journal = {Journal of Big Data Processing},
    year = {2021},
    pages = {45-67}
}

@book{garcia2021airflow,
    author = {Garcia, Marc and Lumbreras, Jaime},
    title = {Data Pipelines with Apache Airflow},
    publisher = {Manning Publications},
    year = {2021}
}

@article{kumar2022apache,
    author = {Kumar, Vikram and Singh, Rajesh},
    title = {Apache Airflow: A Comprehensive Study of Workflow Management},
    journal = {International Journal of Data Engineering},
    volume = {13},
    pages = {78-92},
    year = {2022}
}

@inproceedings{sharma2021apache,
    author = {Sharma, Priya and Gupta, Rahul},
    title = {Scalable Data Pipeline Orchestration with Apache Airflow},
    booktitle = {Proceedings of the International Conference on Big Data Engineering},
    pages = {234-245},
    year = {2021}
}

@techreport{airflow_practices,
    title = {Best Practices for Apache Airflow Implementation},
    author = {Apache Software Foundation},
    institution = {Apache Airflow Documentation},
    year = {2023},
    url = {https://airflow.apache.org/docs/}
}

// kubernetes
@book{burns2019kubernetes,
    author = {Burns, Brendan and Beda, Joe and Hightower, Kelsey},
    title = {Kubernetes: Up and Running: Dive into the Future of Infrastructure},
    publisher = {O'Reilly Media},
    year = {2019}
}

@article{kubernetes_arch,
    author = {Verma, Abhishek and Pedrosa, Luis and Korupolu, Madhukar},
    title = {Large-scale cluster management at Google with Borg},
    journal = {Proceedings of the European Conference on Computer Systems},
    year = {2020},
    pages = {18-33}
}

@book{hightower2019kubernetes,
    author = {Hightower, Kelsey and Burns, Brendan and Beda, Joe},
    title = {Kubernetes: The Complete Guide},
    publisher = {CNCF},
    year = {2019}
}

@book{luksa2021kubernetes,
    author = {Luksa, Marko},
    title = {Kubernetes in Action},
    publisher = {Manning Publications},
    year = {2021}
}

@book{arundel2021kubernetes,
    author = {Arundel, John and Domingus, Justin},
    title = {Cloud Native DevOps with Kubernetes},
    publisher = {O'Reilly Media},
    year = {2021}
}


// fastapi

@article{fastapi_foundation,
    author = {Ram√≠rez, Sebasti√°n},
    title = {FastAPI: A Modern Framework for Building APIs with Python},
    journal = {Python Software Foundation},
    year = {2023}
}

@book{ramirez2022fastapi,
    author = {Ram√≠rez, Sebasti√°n and Gonz√°lez, Mar√≠a},
    title = {Building Data-Intensive Applications with FastAPI},
    publisher = {O'Reilly Media},
    year = {2022}
}

@article{kumar2023modern,
    author = {Kumar, Rajesh and Singh, Amit},
    title = {Modern API Development with FastAPI and Python},
    journal = {Journal of Software Engineering},
    volume = {15},
    pages = {123-145},
    year = {2023}
}

@book{wilson2023data,
    author = {Wilson, James},
    title = {Data Integration Patterns with FastAPI},
    publisher = {Apress},
    year = {2023}
}

@article{brown2023securing,
    author = {Brown, Sarah and Johnson, Michael},
    title = {Securing FastAPI Applications: Best Practices and Patterns},
    journal = {Security Engineering Review},
    volume = {8},
    pages = {45-67},
    year = {2023}
}

@techreport{performance_metrics,
    author = {Peterson, Eric and Lee, Jennifer},
    title = {FastAPI Performance Analysis in Production Environments},
    institution = {Tech Metrics Institute},
    year = {2023}
}

@article{martinez2023best,
    author = {Martinez, Carlos and Thompson, Emma},
    title = {Best Practices for Large-Scale FastAPI Applications},
    journal = {Web Engineering Quarterly},
    volume = {4},
    pages = {78-95},
    year = {2023}
}


//pipelines de dados
@article{zhang2021deep,
    author = {Zhang, John and Wang, Lisa and Singh, Rahul},
    title = {Deep Learning Applications in Dermatological Image Analysis},
    journal = {Medical Image Analysis},
    volume = {28},
    pages = {187-203},
    year = {2021}
}

@article{esteva2022deep,
    author = {Esteva, Andre and Topol, Eric},
    title = {Deep Learning-Enabled Medical Computer Vision},
    journal = {Nature Digital Medicine},
    volume = {5},
    pages = {1-9},
    year = {2022}
}

@book{kumar2023medical,
    author = {Kumar, Amit and Patel, Sarah},
    title = {Medical Image Processing Pipelines: Design and Implementation},
    publisher = {Springer},
    year = {2023}
}

@article{wang2023automated,
    author = {Wang, Michael and Chen, Lucy},
    title = {Automated Skin Lesion Analysis Using Deep Learning Pipelines},
    journal = {Journal of Medical Imaging},
    volume = {10},
    pages = {234-256},
    year = {2023}
}

@article{smith2023quality,
    author = {Smith, Jennifer and Brown, Robert},
    title = {Quality Assurance in Medical Image Processing},
    journal = {Healthcare Data Management},
    volume = {15},
    pages = {78-95},
    year = {2023}
}

@article{chen2023challenges,
    author = {Chen, David and Martinez, Ana},
    title = {Challenges in Implementing AI-Powered Dermatological Diagnosis Systems},
    journal = {Journal of Healthcare Engineering},
    volume = {8},
    pages = {145-167},
    year = {2023}
}

ingestao e processamento de imagens
@article{garcia2023medical,
    author = {Garcia, Maria and Rodriguez, Juan},
    title = {Medical Image Processing: From Acquisition to Analysis},
    journal = {Journal of Medical Imaging},
    volume = {12},
    pages = {145-167},
    year = {2023}
}

@article{kumar2023data,
    author = {Kumar, Raj and Singh, Amit},
    title = {Data Ingestion Strategies for Medical Imaging Systems},
    journal = {Healthcare Informatics Journal},
    volume = {8},
    pages = {234-256},
    year = {2023}
}

@book{smith2023image,
    author = {Smith, John and Brown, Sarah},
    title = {Image Preprocessing Techniques in Medical Analysis},
    publisher = {Academic Press},
    year = {2023}
}

@article{zhang2023augmentation,
    author = {Zhang, Wei and Li, Xiao},
    title = {Data Augmentation Techniques for Medical Image Analysis},
    journal = {Pattern Recognition in Medicine},
    volume = {15},
    pages = {78-95},
    year = {2023}
}

@article{chen2023quality,
    author = {Chen, David and Wang, Lisa},
    title = {Quality Control in Medical Image Processing Pipelines},
    journal = {Biomedical Engineering Review},
    volume = {10},
    pages = {112-134},
    year = {2023}
}